
@article{Li2015,
	title = {Potential habitat corridors and restoration areas for the black-and-white snub-nosed monkey {Rhinopithecus} bieti in {Yunnan}, {China}},
	volume = {49},
	copyright = {All rights reserved},
	issn = {0030-6053},
	shorttitle = {Potential habitat corridors and restoration areas for the black-and-white snub-nosed monkey {Rhinopithecus} bieti in {Yunnan}, {China}},
	doi = {10.1017/s0030605313001397},
	number = {4},
	journal = {Oryx},
	author = {Li, Li and Xue, Yadong and Wu, Gong Sheng and Li, Di Qiang and Giraudoux, Patrick},
	month = oct,
	year = {2015},
	pages = {719--726}
}

@article{Clauzel2015,
	title = {Assessing the impact of road developments on connectivity across multiple scales: {Application} to {Yunnan} snub-nosed monkey conservation},
	volume = {192},
	copyright = {All rights reserved},
	issn = {0006-3207},
	shorttitle = {Assessing the impact of road developments on connectivity across multiple scales: {Application} to {Yunnan} snub-nosed monkey conservation},
	doi = {10.1016/j.biocon.2015.09.029},
	journal = {Biological Conservation},
	author = {Clauzel, C. and Deng, X. Q. and Wu, G. S. and Giraudoux, P. and Li, L.},
	month = dec,
	year = {2015},
	pages = {207--217}
}

@inproceedings{Grignard2013,
	series = {Lecture {Notes} in {Computer} {Science}},
	title = {{GAMA} 1.6: {Advancing} the {Art} of {Complex} {Agent}-{Based} {Modeling} and {Simulation}},
	isbn = {978-3-642-44927-7},
	shorttitle = {{GAMA} 1.6},
	language = {en},
	booktitle = {{PRIMA} 2013: {Principles} and {Practice} of {Multi}-{Agent} {Systems}},
	publisher = {Springer Berlin Heidelberg},
	author = {Grignard, Arnaud and Taillandier, Patrick and Gaudou, Benoit and Vo, Duc An and Huynh, Nghi Quang and Drogoul, Alexis},
	editor = {Boella, Guido and Elkind, Edith and Savarimuthu, Bastin Tony Roy and Dignum, Frank and Purvis, Martin K.},
	year = {2013},
	keywords = {Agent-based modeling, complex systems, GIS, multi-level, ODE, platform, simulation, visualization},
	pages = {117--131}
}

@article{Li2017,
	title = {Improving landscape connectivity for the {Yunnan} snub-nosedmonkey through cropland reforestation using graph theory},
	volume = {38},
	copyright = {All rights reserved},
	shorttitle = {Improving landscape connectivity for the {Yunnan} snub-nosed monkey through cropland reforestation using graph theory},
	journal = {Journal for Nature Conservation},
	author = {Li, W. W. and Clauzel, C. and Dai, Y. C. and Wu, G. S. and Giraudoux, P and Li, L.},
	year = {2017},
	pages = {46--55}
}